<record><leader>00000cas a22000007a 4500</leader><controlfield tag="001">37684567</controlfield><controlfield tag="008">970925d19131914okuwr n       0    0eng d</controlfield><datafield ind1=" " ind2=" " tag="010"><subfield code="a">sn 97070320 </subfield></datafield><datafield ind1=" " ind2=" " tag="040"><subfield code="a">OBN</subfield><subfield code="b">eng</subfield><subfield code="c">OBN</subfield><subfield code="d">OCLCQ</subfield><subfield code="d">OCLCF</subfield><subfield code="d">OCLCO</subfield></datafield><datafield ind1="1" ind2=" " tag="029"><subfield code="a">AU@</subfield><subfield code="b">000013497398</subfield></datafield><datafield ind1=" " ind2=" " tag="042"><subfield code="a">msc</subfield></datafield><datafield ind1=" " ind2=" " tag="043"><subfield code="a">n-us-ok</subfield></datafield><datafield ind1="0" ind2="0" tag="245"><subfield code="a">McLoud press.</subfield></datafield><datafield ind1="3" ind2=" " tag="246"><subfield code="a">Free press</subfield></datafield><datafield ind1=" " ind2=" " tag="260"><subfield code="a">McLoud, Okla. :</subfield><subfield code="b">Francis X. Resch</subfield></datafield><datafield ind1=" " ind2=" " tag="300"><subfield code="a">v.</subfield></datafield><datafield ind1=" " ind2=" " tag="310"><subfield code="a">Weekly</subfield></datafield><datafield ind1="0" ind2=" " tag="362"><subfield code="a">Vol. 1, no. 4 (Sep. 6, 1913)-v. 1, no. 33 (Mar. 19, 1914).</subfield></datafield><datafield ind1=" " ind2="0" tag="651"><subfield code="a">Pottawatomie County (Okla.)</subfield><subfield code="v">Newspapers.</subfield></datafield><datafield ind1=" " ind2="4" tag="651"><subfield code="a">McLoud (Okla.)</subfield><subfield code="v">Newspapers.</subfield></datafield><datafield ind1=" " ind2="7" tag="655"><subfield code="a">Newspapers.</subfield><subfield code="2">fast</subfield><subfield code="0">(OCoLC)fst01423814</subfield></datafield><datafield ind1=" " ind2="7" tag="651"><subfield code="a">Oklahoma</subfield><subfield code="z">Pottawatomie County.</subfield><subfield code="2">fast</subfield><subfield code="0">(OCoLC)fst01220558</subfield></datafield><datafield ind1=" " ind2=" " tag="752"><subfield code="a">United States</subfield><subfield code="b">Oklahoma</subfield><subfield code="c">Pottawatomie</subfield><subfield code="d">Wanette.</subfield></datafield><datafield ind1="0" ind2=" " tag="775"><subfield code="t">Wanette press</subfield><subfield code="w">(DLC)sn 97070322</subfield><subfield code="w">(OCoLC)37684651</subfield></datafield><datafield ind1="0" ind2="0" tag="780"><subfield code="t">Free press (McLoud, Okla.)</subfield><subfield code="w">(DLC)sn 97070319</subfield><subfield code="w">(OCoLC)37684515</subfield></datafield><datafield ind1="0" ind2="4" tag="785"><subfield code="t">Messenger (Earlsboro, Okla.)</subfield><subfield code="w">(DLC)sn 97070318</subfield><subfield code="w">(OCoLC)37684436</subfield></datafield></record>